@article{aczel2018quantifying,
  title={Quantifying support for the null hypothesis in psychology: An empirical investigation},
  author={Aczel, Balazs and Palfi, Bence and Szollosi, Aba and Kovacs, Marton and Szaszi, Barnabas and Szecsi, Peter and Zrubka, Mark and Gronau, Quentin F and van den Bergh, Don and Wagenmakers, Eric-Jan},
  journal={Advances in Methods and Practices in Psychological Science},
  volume={1},
  number={3},
  pages={357--366},
  year={2018},
  publisher={Sage Publications Sage CA: Los Angeles, CA}
}

@article{bakker2016researchers,
  title={Researchers’ intuitions about power in psychological research},
  author={Bakker, Marjan and Hartgerink, Chris HJ and Wicherts, Jelte M and van der Maas, Han LJ},
  journal={Psychological science},
  volume={27},
  number={8},
  pages={1069--1077},
  year={2016},
  publisher={Sage Publications Sage CA: Los Angeles, CA}
}

@article{wicherts_degrees_2016,
	title = {Degrees of freedom in planning, running, analyzing, and reporting psychological studies: {A} checklist to avoid p-hacking},
	shorttitle = {Degrees of freedom in planning, running, analyzing, and reporting psychological studies},
	journal = {Frontiers in psychology},
	author = {Wicherts, Jelte M. and Veldkamp, Coosje LS and Augusteijn, Hilde EM and Bakker, Marjan and Van Aert, Robbie and Van Assen, Marcel ALM},
	year = {2016},
	note = {Publisher: Frontiers},
	pages = {1832},
	file = {Full Text:/home/marton/Zotero/storage/3ZI2HXL3/full.html:text/html},
}

@article{hardwicke_analytic_2021,
	title = {Analytic reproducibility in articles receiving open data badges at the journal {Psychological} {Science}: {An} observational study},
	volume = {8},
	shorttitle = {Analytic reproducibility in articles receiving open data badges at the journal {Psychological} {Science}},
	number = {1},
	journal = {Royal Society open science},
	author = {Hardwicke, Tom E. and Bohn, Manuel and MacDonald, Kyle and Hembacher, Emily and Nuijten, Michèle B. and Peloquin, Benjamin N. and DeMayo, Benjamin E. and Long, Bria and Yoon, Erica J. and Frank, Michael C.},
	year = {2021},
	note = {Publisher: The Royal Society},
	pages = {201494},
	file = {Full Text:/home/marton/Zotero/storage/NCPB2A49/rsos.html:text/html;Snapshot:/home/marton/Zotero/storage/PVMFL6K8/rsos.html:text/html},
}

@article{poldrack_statistical_2018,
	title = {Statistical thinking for the 21st century},
	author = {Poldrack, Russell A.},
	year = {2018},
	note = {Publisher: Russell Poldrack},
}

@book{field_discovering_2017,
	title = {Discovering statistics using {R}},
	publisher = {W. Ross MacDonald School Resource Services Library},
	author = {Field, Andy and Miles, Jeremy and Field, Zoe},
	year = {2017},
	file = {Full Text:/home/marton/Zotero/storage/XVU9ZH6F/Field et al. - 2017 - Discovering statistics using R.pdf:application/pdf},
}

@article{fried_measurement_2018,
	title = {Measurement matters},
	volume = {31},
	journal = {APS Observer},
	author = {Fried, Eiko I. and Flake, Jessica K.},
	year = {2018},
	file = {Full Text:/home/marton/Zotero/storage/IJ2JA33C/measurement-matters.html:text/html},
}

@article{flake2020measurement,
  title={Measurement schmeasurement: Questionable measurement practices and how to avoid them},
  author={Flake, Jessica Kay and Fried, Eiko I},
  journal={Advances in Methods and Practices in Psychological Science},
  volume={3},
  number={4},
  pages={456--465},
  year={2020},
  publisher={Sage Publications Sage CA: Los Angeles, CA}
}


@article{kovacs_role_2021,
	title = {The role of human fallibility in psychological research: a survey of mistakes in data management},
	volume = {4},
	shorttitle = {The role of human fallibility in psychological research},
	number = {4},
	journal = {Advances in methods and practices in psychological science},
	author = {Kovacs, Marton and Hoekstra, Rink and Aczel, Balazs},
	year = {2021},
	note = {Publisher: Sage Publications Sage CA: Los Angeles, CA},
	pages = {25152459211045930},
	file = {Full Text:/home/marton/Zotero/storage/64EHMEY3/Kovacs et al. - 2021 - The role of human fallibility in psychological res.pdf:application/pdf;Snapshot:/home/marton/Zotero/storage/W7A742QW/25152459211045930.html:text/html},
}

@article{michener_ten_2015,
	title = {Ten simple rules for creating a good data management plan},
	volume = {11},
	number = {10},
	journal = {PLoS computational biology},
	author = {Michener, William K.},
	year = {2015},
	note = {Publisher: Public Library of Science San Francisco, CA USA},
	pages = {e1004525},
	file = {Full Text:/home/marton/Zotero/storage/K9VXZL8N/article.html:text/html},
}

@book{dienes_understanding_2008,
	title = {Understanding psychology as a science: {An} introduction to scientific and statistical inference},
	shorttitle = {Understanding psychology as a science},
	publisher = {Springer},
	author = {Dienes, Zoltan},
	year = {2008},
}

@article{pernet2015null,
  title={Null hypothesis significance testing: a short tutorial},
  author={Pernet, Cyril},
  journal={F1000Research},
  volume={4},
  year={2015},
  publisher={Faculty of 1000 Ltd}
}

@article{reinhart2010growth,
  title={Growth in a Time of Debt},
  author={Reinhart, Carmen M and Rogoff, Kenneth S},
  journal={American economic review},
  volume={100},
  number={2},
  pages={573--578},
  year={2010},
  publisher={American Economic Association}
}

@article{rosnow1989definition,
  title={Definition and interpretation of interaction effects.},
  author={Rosnow, Ralph L and Rosenthal, Robert},
  journal={Psychological Bulletin},
  volume={105},
  number={1},
  pages={143},
  year={1989},
  publisher={American Psychological Association}
}

@article{olsson2019prevalence,
  title={The prevalence of marginally significant results in psychology over time},
  author={Olsson-Collentine, Anton and Van Assen, Marcel ALM and Hartgerink, Chris HJ},
  journal={Psychological science},
  volume={30},
  number={4},
  pages={576--586},
  year={2019},
  publisher={Sage Publications Sage CA: Los Angeles, CA}
}


